<?xml version='1.0' encoding='utf-8'?>
<record xmlns="http://www.loc.gov/MARC21/slim" xmlns:xsi="http://www.w3.org/2001/XMLSchema-instance">
  <leader>00000cas^a22003731^^4500</leader>
  <controlfield tag="001">003930011</controlfield>
  <controlfield tag="005">20091214161802.0</controlfield>
  <controlfield tag="008">951006d19391969miuuu^p^^^^^^^0uuua1eng^d</controlfield>
  <datafield tag="035" ind1=" " ind2=" ">
    <subfield code="a">(CaOTULAS)177004614</subfield>
  </datafield>
  <datafield tag="035" ind1=" " ind2=" ">
    <subfield code="a">(SAZTEC)S00702780</subfield>
  </datafield>
  <datafield tag="035" ind1=" " ind2=" ">
    <subfield code="9">(UL)AKD8452</subfield>
  </datafield>
  <datafield tag="035" ind1=" " ind2=" ">
    <subfield code="a">(OCoLC)ocm05920098</subfield>
  </datafield>
  <datafield tag="040" ind1=" " ind2=" ">
    <subfield code="c">SAZTEC</subfield>
    <subfield code="d">MiU-H</subfield>
  </datafield>
  <datafield tag="110" ind1="2" ind2=" ">
    <subfield code="a">Michigan State University.</subfield>
    <subfield code="b">Audio-Visual Center.</subfield>
  </datafield>
  <datafield tag="245" ind1="1" ind2="0">
    <subfield code="a">Catalog of educational motion pictures.</subfield>
  </datafield>
  <datafield tag="246" ind1="1" ind2="4">
    <subfield code="a">Educational films</subfield>
  </datafield>
  <datafield tag="246" ind1="1" ind2="7">
    <subfield code="a">Educational film catalog of the University of Michigan and Michigan State University</subfield>
  </datafield>
  <datafield tag="247" ind1="1" ind2="1">
    <subfield code="a">Catalog of motion picture films</subfield>
    <subfield code="f">1938-1939</subfield>
  </datafield>
  <datafield tag="247" ind1="1" ind2="1">
    <subfield code="a">Instructional motion pictures</subfield>
    <subfield code="f">1940-41-</subfield>
  </datafield>
  <datafield tag="247" ind1="1" ind2="1">
    <subfield code="a">Educational motion pictures, filmstrips, lantern slides, recordings</subfield>
    <subfield code="f">1947-48</subfield>
  </datafield>
  <datafield tag="247" ind1="1" ind2="1">
    <subfield code="a">Motion pictures, filmstrips, slides, recordings, exhibits</subfield>
    <subfield code="f">1949-50-</subfield>
  </datafield>
  <datafield tag="247" ind1="1" ind2="1">
    <subfield code="a">Motion pictures</subfield>
  </datafield>
  <datafield tag="247" ind1="1" ind2="1">
    <subfield code="a">Film directory</subfield>
    <subfield code="f">1955</subfield>
  </datafield>
  <datafield tag="260" ind1=" " ind2=" ">
    <subfield code="a">[East Lansing, etc.]</subfield>
  </datafield>
  <datafield tag="362" ind1="0" ind2=" ">
    <subfield code="a">1938-39--1969.</subfield>
  </datafield>
  <datafield tag="547" ind1=" " ind2=" ">
    <subfield code="a">Title varies: 1938-39, Catalog of motion picture films.--1940-41--Instructional motion pictures.--1947-48, Educational motion pictures, filmstrips, lantern slides, recordings.--1949-50- Motion pictures, filmstrips, slides, recordings, exhibits (varies slightly)-- Motion pictures.-- Film directory.</subfield>
  </datafield>
  <datafield tag="580" ind1=" " ind2=" ">
    <subfield code="a">Superseded in part by: Michigan. University. Audio-Visual Education Center. Educational films.</subfield>
  </datafield>
  <datafield tag="550" ind1=" " ind2=" ">
    <subfield code="a">Issued 1938-39- by the Audio-Visual Education Center, University of Michigan (19 - jointly with the Audio-Visual Center, Michigan State University).</subfield>
  </datafield>
  <datafield tag="500" ind1=" " ind2=" ">
    <subfield code="a">Issued 1938-39- as Michigan. University. Official publication v. 40, no. 53.</subfield>
  </datafield>
  <datafield tag="650" ind1=" " ind2="0">
    <subfield code="a">Audio-visual materials</subfield>
    <subfield code="v">Catalogs.</subfield>
  </datafield>
  <datafield tag="710" ind1="2" ind2=" ">
    <subfield code="a">University of Michigan.</subfield>
    <subfield code="b">Audio-Visual Education Center.</subfield>
  </datafield>
  <datafield tag="785" ind1="1" ind2="3">
    <subfield code="a">University of Michigan.</subfield>
    <subfield code="b">Audio-Visual Education Center.</subfield>
    <subfield code="t">Educational films</subfield>
  </datafield>
  <datafield tag="773" ind1="0" ind2=" ">
    <subfield code="a">University of Michigan. Extension Service.</subfield>
    <subfield code="t">Publications.</subfield>
    <subfield code="w">5883441</subfield>
  </datafield>
  <datafield tag="852" ind1="8" ind2=" ">
    <subfield code="a">MiU-H</subfield>
    <subfield code="b">BENT</subfield>
    <subfield code="h">03111 Bimu 2</subfield>
  </datafield>
  <datafield tag="998" ind1=" " ind2=" ">
    <subfield code="c">MLJ</subfield>
    <subfield code="s">9662</subfield>
  </datafield>
  <datafield tag="LKR" ind1=" " ind2=" ">
    <subfield code="a">UP</subfield>
    <subfield code="b">5883441</subfield>
    <subfield code="l">MIU01</subfield>
    <subfield code="r">773</subfield>
    <subfield code="m">Catalog of educational motion pictures.</subfield>
    <subfield code="n">Extension Service (University of Michigan) publications,</subfield>
  </datafield>
  <datafield tag="955" ind1=" " ind2=" ">
    <subfield code="b">BENT</subfield>
    <subfield code="p">B1677667</subfield>
  </datafield>
</record>
